/Users/borretts/research/srb.bib