/Users/borretts/research/srbbib_abb.bib